<record><leader>00000cas a2200000 a 4500</leader><controlfield tag="001">50701495</controlfield><controlfield tag="008">020930d189u1uuuoruwr ne      0    0eng c</controlfield><datafield ind1=" " ind2=" " tag="010"><subfield code="a">sn2002060533</subfield></datafield><datafield ind1=" " ind2=" " tag="040"><subfield code="a">CNK</subfield><subfield code="b">eng</subfield><subfield code="c">CNK</subfield><subfield code="d">OCLCQ</subfield><subfield code="d">ORU</subfield><subfield code="d">OCLCF</subfield><subfield code="d">OCLCO</subfield></datafield><datafield ind1="1" ind2=" " tag="029"><subfield code="a">AU@</subfield><subfield code="b">000024129441</subfield></datafield><datafield ind1=" " ind2=" " tag="042"><subfield code="a">pcc</subfield></datafield><datafield ind1=" " ind2=" " tag="043"><subfield code="a">n-us-or</subfield></datafield><datafield ind1="0" ind2=" " tag="130"><subfield code="a">Hillsboro Democrat (Hillsboro, Or.)</subfield></datafield><datafield ind1="1" ind2="0" tag="245"><subfield code="a">Hillsboro Democrat.</subfield></datafield><datafield ind1=" " ind2=" " tag="260"><subfield code="a">Hillsboro, Washington County, Or. :</subfield><subfield code="b">G.A. Sanford</subfield></datafield><datafield ind1=" " ind2=" " tag="300"><subfield code="a">v.</subfield></datafield><datafield ind1=" " ind2=" " tag="310"><subfield code="a">Weekly</subfield></datafield><datafield ind1=" " ind2=" " tag="588"><subfield code="a">Description based on: Vol. 2, no. 8 (Sept. 30, 1892); title from masthead.</subfield></datafield><datafield ind1=" " ind2=" " tag="588"><subfield code="a">Latest issue consulted: Vol. 2, no. 9 (Oct. 7, 1892).</subfield></datafield><datafield ind1=" " ind2="0" tag="651"><subfield code="a">Hillsboro (Or.)</subfield><subfield code="v">Newspapers.</subfield></datafield><datafield ind1=" " ind2="7" tag="655"><subfield code="a">Newspapers.</subfield><subfield code="2">fast</subfield><subfield code="0">(OCoLC)fst01423814</subfield></datafield><datafield ind1=" " ind2="7" tag="651"><subfield code="a">Oregon</subfield><subfield code="z">Hillsboro.</subfield><subfield code="2">fast</subfield><subfield code="0">(OCoLC)fst01221349</subfield></datafield><datafield ind1=" " ind2=" " tag="752"><subfield code="a">United States</subfield><subfield code="b">Oregon</subfield><subfield code="c">Washington</subfield><subfield code="d">Hillsboro.</subfield></datafield></record>